@misc{famousscientists,
title = {{Stephen Hawking}},
note = {on-line at: \url{https://www.famousscientists.org/stephen-hawking/},
}

@misc{britishphysicists,
title = {{Stephen Hawking - British physicist}},
note = {on-line at: \url{https://www.britannica.com/biography/Stephen-Hawking},
}

@misc{bestbooks,
title = {{Stephen Hawking's Best Books: Black Holes, Multiverses and Singularities}},
note = {on-line at: \url{https://www.space.com/39987-stephen-hawking-best-books.html},
}

@misc{medals,
title = {{Hawking's medals and awards}},
note = {on-line at: \url{https://onlineonly.christies.com/s/shoulders-giants-newton-darwin-einstein-hawking/hawkings-medals-awards-50/62110},
}

@misc{hawkingcom,
title = {{Stephen Hawking}},
note = {on-line at: \url{https://www.hawking.org.uk/biography},
}

@misc{royalsociety,
title = {{Stephen William Hawking CH CBE. 8 January 1942—14 March 2018}},
note = {on-line at: \url{https://royalsocietypublishing.org/doi/10.1098/rsbm.2019.0001},
}

@book{kratkaistorija,
  title={{Kratka istorija mog života}},
  author={Stiven Hoking},
  year={2013},
}